@BOOK{NeuralPat,
TITLE = "Neural Networks for Pattern Recognition",
AUTHOR = "Bishop, Christopher M.",
PUBLISHER = "Oxford University Press",
YEAR = "1995"}

@BOOK{AIModern,
TITLE = "Artificial Intelligence; A Modern Approach",
AUTHOR = "Russell, S. and Norvig, P.",
PUBLISHER = "Pearson Education Inc.",
YEAR = "2003"}

@ARTICLE{Baum-Welch,
title = {A Maximization Technique Occurring in the Statistical Analysis of Probabilistic Functions of Markov Chains},
author = {Baum, Leonard E. and Petrie, Ted and Soules, George and Weiss, Norman},
journal = {The Annals of Mathematical Statistics},
volume = {41},
number = {1},
pages = {164--171},
ISSN = {00034851},
year = {1970},
publisher = {Institute of Mathematical Statistics},
copyright = {Copyright Â© 1970 Institute of Mathematical Statistics},
}
