@BOOK{NeuralPat,
TITLE = "Neural Networks for Pattern Recognition",
AUTHOR = "Bishop, Christopher M.",
PUBLISHER = "Oxford University Press",
YEAR = "1995"}

@BOOK{AIModern,
TITLE = "Artificial Intelligence; A Modern Approach",
AUTHOR = "Russell, S. and Norvig, P.",
PUBLISHER = "Pearson Education Inc.",
YEAR = "2003"}

@BOOK{Bakis,
TITLE = "Discrete Time Processing of Speech Signals",
AUTHOR = "Deller, J. R. Jr",
PUBLISHER = "IEEE Press",
YEAR = "2000"}

@BOOK{GraphicsGems,
TITLE = "Graphics Gems",
AUTHOR = "Glassner, A.",
PUBLISHER = "Academic Press",
YEAR = "1990"}

@phdthesis{bodyPaint,
TITLE = "bodyPaint, a physical interface for exploring collaborative technologies",
AUTHOR = "Morrison, C. and Blackwell, A.",
SCHOOL = "University of Cambridge",
YEAR = "2008"}

@ARTICLE{Baum-Welch,
title = {A Maximization Technique Occurring in the Statistical Analysis of Probabilistic Functions of Markov Chains},
author = {Baum, Leonard E. and Petrie, Ted and Soules, George and Weiss, Norman},
journal = {The Annals of Mathematical Statistics},
volume = {41},
number = {1},
pages = {164--171},
ISSN = {00034851},
year = {1970},
publisher = {Institute of Mathematical Statistics},
copyright = {Copyright Â© 1970 Institute of Mathematical Statistics},
}

@ARTICLE{HRI,
title = {Visual recognition of pointing gestures for human-robot interaction},
author = {Nickel, K. and Stiefelhagen, R},
year = {2006},
journal = {Image Vis. Comput.}
}

@INCONFERENCE{AzLeder,
title = {Qualification of arm gestures using hidden Markov models},
author = {Quintana G.E.  Sucar L.E. Azcarate G. and Leder R.},
booktitle = {8th IEEE International Conference on Automatic Face & Gesture Recognition},
year = {2008},
}

@INCONFERENCE{UAVs,
title = {Recognition of arm gestures using multiple orientation sensors: gesture classification},
author = {Lementec, J.-C. and Bajcsy, P.},
booktitle = {The 7th International IEEE Conference on Intelligent Transportation Systems},
year = {2004},
}

@INPROCEEDINGS{K-Means,
title = {Some Methods for classification and Analysis of Multivariate Observations},
author = {MacQueen, J. B.},
booktitle = {Proceedings of 5th Berkeley Symposium on Mathematical Statistics and Probability},
publisher = {University of California Press},
year = {1967},
}

@misc{Joone,
title = {Joone - Java Object Oriented Neural Engine},
author = {Marrone, P.},
howpublished = {\url{http://www.jooneworld.com/}},
}

@misc{JavaNNS,
title = {JavaNNS, Java Neural Network Simulator},
author = {Zell, A.},
howpublished = {\url{http://www.ra.cs.uni-tuebingen.de/software/JavaNNS/welcome_e.html}},
}

@misc{Jahmm,
title = {Jahmm, a Java implementation of Hidden Markov Model (HMM) related algorithms},
author = {Francois, J-M.},
howpublished = {\url{http://code.google.com/p/jahmm/}},
}

@misc{SCOP,
title = {SCOP, a library for straightforward distributed systems programming with events and messages in C++, Java and Python.},
author = {Ingram, D.},
howpublished = {\url{http://www.srcf.ucam.org/~dmi1000/scop/index.html}},
}

@misc{PyRobot,
title = {PyRobot, a high-level Python interface to iRobot's Roomba and Create.},
author = {Kohler, D.},
howpublished = {\url{http://code.google.com/p/pyrobot/}},
}

@misc{Create,
title = {iRobot Create, Open Interface Specifications},
author = {iRobot Corporation},
howpublished = {\url{http://www.irobot.com/filelibrary/pdfs/hrd/create/Create%20Open%20Interface_v2.pdf}},
}

@misc{OLPCtelepresence,
title = {OLPC Telepresence},
author = {Kohler, D.},
howpublished = {\url{http://www.instructables.com/id/OLPC-Telepresence/}},
}

@misc{Vicon,
title = {Vicon Motion Capture Systems},
howpublished = {\url{http://www.vicon.com/}},
}

@misc{SRCF,
title = {SRCF, the Student-Run Computing Facility},
howpublished = {\url{http://www.srcf.ucam.org/}},
}

@misc{eulerangles,
title = {Euler angles image taken from Wikipedia.},
howpublished = {\url{http://en.wikipedia.org/wiki/File:Eulerangles.svg}},
}

@misc{DFT,
title = {Discrete Fourier Transform},
author = {Weisstein, Eric W},
howpublished = {\url{http://mathworld.wolfram.com/DiscreteFourierTransform.html}},
}

@misc{Haar,
title = {Haar Function},
author = {Weisstein, Eric W},
howpublished = {\url{http://mathworld.wolfram.com/HaarFunction.html}},
}
